<record><leader>00000cas a22000007a 4500</leader><controlfield tag="001">34600268</controlfield><controlfield tag="008">960419d19091955meucr ne      0    0eng d</controlfield><controlfield tag="009">18374</controlfield><datafield ind1=" " ind2=" " tag="010"><subfield code="a">sn 96075050 </subfield><subfield code="z">   96075050 </subfield></datafield><datafield ind1=" " ind2=" " tag="040"><subfield code="a">MBN</subfield><subfield code="b">eng</subfield><subfield code="c">MBN</subfield><subfield code="d">DLC</subfield><subfield code="d">MBN</subfield><subfield code="d">OCLCQ</subfield><subfield code="d">CRL</subfield><subfield code="d">OCLCF</subfield></datafield><datafield ind1="1" ind2=" " tag="029"><subfield code="a">AU@</subfield><subfield code="b">000012577255</subfield></datafield><datafield ind1=" " ind2=" " tag="042"><subfield code="a">msc</subfield></datafield><datafield ind1="0" ind2=" " tag="130"><subfield code="a">Independent-reporter (Skowhegan, Me.)</subfield></datafield><datafield ind1="1" ind2="4" tag="245"><subfield code="a">The independent-reporter.</subfield></datafield><datafield ind1="3" ind2="0" tag="246"><subfield code="a">Independent reporter</subfield></datafield><datafield ind1=" " ind2=" " tag="260"><subfield code="a">Skowhegan, Me. :</subfield><subfield code="b">Independent-Reporter Co.</subfield></datafield><datafield ind1=" " ind2=" " tag="300"><subfield code="a">v.</subfield></datafield><datafield ind1=" " ind2=" " tag="310"><subfield code="a">Semiweekly</subfield></datafield><datafield ind1=" " ind2=" " tag="321"><subfield code="a">Weekly,</subfield><subfield code="b">1909-Nov. 26, 1947</subfield></datafield><datafield ind1="0" ind2=" " tag="362"><subfield code="a">Vol. 1, no. 1 (Sept. 9, 1909)-v. 115, no. 24 (Mar. 24, 1955).</subfield></datafield><datafield ind1=" " ind2=" " tag="530"><subfield code="a">Also available on microfilm from Northeast Document Conservation Center (printing master negative available from Center for Research Libaries)</subfield></datafield><datafield ind1=" " ind2=" " tag="580"><subfield code="a">Formed by the union of: Somerset independent, and: Somerset reporter, and: Union advocate (North Anson, Me.).</subfield></datafield><datafield ind1=" " ind2="0" tag="651"><subfield code="a">Skowhegan (Me.)</subfield><subfield code="v">Newspapers.</subfield></datafield><datafield ind1=" " ind2="7" tag="655"><subfield code="a">Newspapers.</subfield><subfield code="2">fast</subfield><subfield code="0">(OCoLC)fst01423814</subfield></datafield><datafield ind1=" " ind2="7" tag="651"><subfield code="a">Maine</subfield><subfield code="z">Skowhegan.</subfield><subfield code="2">fast</subfield><subfield code="0">(OCoLC)fst01217220</subfield></datafield><datafield ind1=" " ind2=" " tag="752"><subfield code="a">United States</subfield><subfield code="b">Maine</subfield><subfield code="c">Somerset</subfield><subfield code="d">Skowhegan.</subfield></datafield><datafield ind1="1" ind2="4" tag="780"><subfield code="t">Somerset independent</subfield><subfield code="w">(DLC)sn 96075124</subfield><subfield code="w">(OCoLC)35451317</subfield></datafield><datafield ind1="1" ind2="4" tag="780"><subfield code="t">Somerset reporter</subfield><subfield code="w">(DLC)sn 84022565</subfield><subfield code="w">(OCoLC)10477127</subfield></datafield><datafield ind1="1" ind2="4" tag="780"><subfield code="t">Union advocate (North Anson, Me.)</subfield><subfield code="w">(DLC)sn 84022524</subfield><subfield code="w">(OCoLC)10462658</subfield></datafield><datafield ind1="0" ind2="0" tag="785"><subfield code="t">Somerset reporter (Skowhegan, Me. : 1955)</subfield><subfield code="w">(DLC)sn 97062792</subfield><subfield code="w">(OCoLC)37915694</subfield></datafield></record>